@online{lecture_notes,
	author 			= {Thomas Chiou},
	title 			= {Week 11-12 Lecture: NDE from 30,000 feet: Introduction to Nondestructive Evaluation},
	date 			= {2022-03-26},
	url 			= {https://canvas.iastate.edu/courses/97229/files/22785113?module_item_id=5382906},
	organization 	= {Iowa State University}
}
